<record><leader>00000cas a22000007i 4500</leader><controlfield tag="001">62489839</controlfield><controlfield tag="008">051207u1970uuuuflumr ne      0   a0eng  </controlfield><datafield ind1=" " ind2=" " tag="010"><subfield code="a">  2016201744</subfield></datafield><datafield ind1=" " ind2=" " tag="040"><subfield code="a">AMH</subfield><subfield code="b">eng</subfield><subfield code="c">AMH</subfield><subfield code="d">OCLCQ</subfield><subfield code="d">OCLCF</subfield><subfield code="d">OCLCO</subfield><subfield code="d">CUS</subfield><subfield code="d">DLC</subfield><subfield code="d">OCLCQ</subfield></datafield><datafield ind1="0" ind2=" " tag="022"><subfield code="a">2470-5152</subfield><subfield code="2">1</subfield></datafield><datafield ind1=" " ind2=" " tag="042"><subfield code="a">pcc</subfield><subfield code="a">nsdp</subfield></datafield><datafield ind1=" " ind2=" " tag="043"><subfield code="a">n-us-fl</subfield></datafield><datafield ind1="1" ind2="0" tag="050"><subfield code="a">ISSN RECORD</subfield></datafield><datafield ind1=" " ind2="4" tag="050"><subfield code="a">HN79.F6</subfield></datafield><datafield ind1="0" ind2="0" tag="082"><subfield code="a">322.44</subfield><subfield code="2">23</subfield></datafield><datafield ind1="0" ind2=" " tag="130"><subfield code="a">Balaklava (Sarasota, Fla.)</subfield></datafield><datafield ind1=" " ind2="0" tag="222"><subfield code="a">Balaklava</subfield><subfield code="b">(Sarasota, Fla. Print)</subfield></datafield><datafield ind1="1" ind2="0" tag="245"><subfield code="a">Balaklava.</subfield></datafield><datafield ind1=" " ind2="1" tag="264"><subfield code="a">Sarasota, Fla. :</subfield><subfield code="b">Ball Communications,</subfield><subfield code="c">1970-</subfield></datafield><datafield ind1=" " ind2=" " tag="300"><subfield code="a">volumes :</subfield><subfield code="b">illustrations ;</subfield><subfield code="c">45 cm</subfield></datafield><datafield ind1=" " ind2=" " tag="336"><subfield code="a">text</subfield><subfield code="b">txt</subfield><subfield code="2">rdacontent</subfield></datafield><datafield ind1=" " ind2=" " tag="337"><subfield code="a">unmediated</subfield><subfield code="b">n</subfield><subfield code="2">rdamedia</subfield></datafield><datafield ind1=" " ind2=" " tag="338"><subfield code="a">volume</subfield><subfield code="b">nc</subfield><subfield code="2">rdacarrier</subfield></datafield><datafield ind1="0" ind2=" " tag="362"><subfield code="a">Vol. 1, issue 1 (Mar. 9, 1970)-</subfield></datafield><datafield ind1=" " ind2="0" tag="650"><subfield code="a">Radicalism</subfield><subfield code="z">Florida</subfield><subfield code="z">Sarasota</subfield><subfield code="v">Periodicals.</subfield></datafield><datafield ind1=" " ind2="0" tag="650"><subfield code="a">Counterculture</subfield><subfield code="z">Florida</subfield><subfield code="z">Sarasota</subfield><subfield code="v">Periodicals.</subfield></datafield><datafield ind1=" " ind2="0" tag="650"><subfield code="a">Underground press publications</subfield><subfield code="z">Florida</subfield><subfield code="z">Sarasota</subfield><subfield code="v">Periodicals.</subfield></datafield><datafield ind1=" " ind2="7" tag="650"><subfield code="a">Counterculture.</subfield><subfield code="2">fast</subfield><subfield code="0">(OCoLC)fst00881315</subfield></datafield><datafield ind1=" " ind2="7" tag="650"><subfield code="a">Radicalism.</subfield><subfield code="2">fast</subfield><subfield code="0">(OCoLC)fst01087015</subfield></datafield><datafield ind1=" " ind2="7" tag="650"><subfield code="a">Underground press publications.</subfield><subfield code="2">fast</subfield><subfield code="0">(OCoLC)fst01160984</subfield></datafield><datafield ind1=" " ind2="7" tag="651"><subfield code="a">Florida</subfield><subfield code="z">Sarasota.</subfield><subfield code="2">fast</subfield><subfield code="0">(OCoLC)fst01207248</subfield></datafield><datafield ind1=" " ind2="7" tag="655"><subfield code="a">Periodicals.</subfield><subfield code="2">fast</subfield><subfield code="0">(OCoLC)fst01411641</subfield></datafield><datafield ind1="0" ind2="8" tag="776"><subfield code="i">Online version:</subfield><subfield code="t">Balaklava (Sarasota, Fla. : Online)</subfield><subfield code="x">2470-5160</subfield><subfield code="w">(DLC)  2016201745</subfield><subfield code="w">(OCoLC)935951131</subfield></datafield><datafield ind1="4" ind2="1" tag="856"><subfield code="u">http://voices.revealdigital.com/cgi-bin/independentvoices?a=cl&amp;cl=CL1&amp;sp=GCEIJIDJ&amp;ai=1</subfield></datafield></record>